@inproceedings{eppner2015planning,
  title={Planning grasp strategies that exploit environmental constraints},
  author={Eppner, Clemens and Brock, Oliver},
  booktitle={IEEE International Conference on Robotics and Automation},
  pages={4947--4952},
  year={2015},
  organization={IEEE}
}
@book{Ott2008,
author = {Ott, Christian},
doi = {10.1007/978-3-540-69255-3},
isbn = {978-3-540-69253-9},
issn = {1610-7438},
publisher = {Springer},
series = {Springer Tracts in Advanced Robotics},
title = {{Cartesian Impedance Control of Redundant and Flexible-Joint Robots}},
volume = {49},
year = {2008}
}
@article{pozzi2018closure,
  title={The Closure Signature: a Functional Approach to Model Underactuated Compliant Robotic Hands},
  author={Pozzi, Maria and Salvietti, Gionata and Bimbo, Joao and Malvezzi, Monica and Prattichizzo, Domenico},
  journal={IEEE Robotics and Automation Letters},
  year={2018},
  publisher={IEEE}
}
@book{siciliano2012robot,
  title={Robot force control},
  author={Siciliano, Bruno and Villani, Luigi},
  volume={540},
  year={2012},
  publisher={Springer Science \& Business Media}
}
@article{eppner2015exploitation,
  title={Exploitation of environmental constraints in human and robotic grasping},
  author={Eppner, Clemens and Deimel, Raphael and {\'A}lvarez-Ruiz, Jos{\'e} and Maertens, Marianne and Brock, Oliver},
  journal={The International Journal of Robotics Research},
  volume={34},
  number={7},
  pages={1021--1038},
  year={2015},
  publisher={SAGE Publications Sage UK: London, England}
}